<?xml version="1.0" encoding="UTF-8"?><collection xmlns="http://www.loc.gov/MARC21/slim"><record><leader>00439nam--2200133-i-4500</leader><controlfield tag="001">000002681</controlfield><controlfield tag="002">20161230</controlfield><controlfield tag="005">20161230201025</controlfield><controlfield tag="008">060222s1000------------r-----000-0-eng-d</controlfield><datafield ind1=" " ind2=" " tag="245"><subfield code="a">The proceedings of the 1954 glasgow. conference on nuclear and meson physics</subfield></datafield><datafield ind1=" " ind2=" " tag="260"><subfield code="a">London, Pergamon 1955 X + 352 P.Cu Fig. + 2 F. Pl</subfield></datafield><datafield ind1=" " ind2=" " tag="490"><subfield code="a">International Union Of Pure And Applied Physic</subfield></datafield><datafield ind1=" " ind2=" " tag="700"><subfield code="a">Bellamy, E.H., Moorhouse, R.G</subfield></datafield><datafield ind1=" " ind2=" " tag="852"><subfield code="a">10112</subfield></datafield></record></collection>